23700000         209248095000131000000000000000821760236800000000084727 TRES RIOS DISTRIBUICAO, REPRESBRADESCO S/A                            23012202107473500006405001600                                                         82176       
23700641E0440050 209248095000131000000000000000821760236800000000084727 TRES RIOS DISTRIBUICAO, REPRES                                        29122021000000000003718342CFBRL00064                                                              
2370002300001E0  209248095000131000000000000000821760236800000000084727 TRES RIOS DISTRIBUICAO, REPRES      CDS00                    S2912202129122021000000000000035836C2010679DEP DINH CORRESP BANC    3720075                                
2370003300002E0  209248095000131000000000000000821760236800000000084727 TRES RIOS DISTRIBUICAO, REPRES      CDS00                    S2912202129122021000000000000050000C2010679DEP DINH CORRESP BANC    3720075                                
2370004300003E0  209248095000131000000000000000821760236800000000084727 TRES RIOS DISTRIBUICAO, REPRES      CDS00                    S2912202129122021000000000000050000C2010679DEP DINH CORRESP BANC    3720075                                
2370005300004E0  209248095000131000000000000000821760236800000000084727 TRES RIOS DISTRIBUICAO, REPRES      CDS00                    S2912202129122021000000000000100000C2010679DEP DINH CORRESP BANC    3743137009248095000131                 
2370006300005E0  209248095000131000000000000000821760236800000000084727 TRES RIOS DISTRIBUICAO, REPRES      DPV00                    N2912202129122021000000000001527172D1120311PAGTO ELETRON  COBRANCA  0002013NF 180589                       
2370007300006E0  209248095000131000000000000000821760236800000000084727 TRES RIOS DISTRIBUICAO, REPRES      DPV00                    N2912202129122021000000000001090255D1120311PAGTO ELETRON  COBRANCA  0002014NF 180975                       
23700085         209248095000131000000000000000821760236800000000084727                 00000000000000000000000000000000000000000000000000000029122021000000000001336751CP000008000000000002617427000000000000235836                            
23799999         000008000010000001                                                                                                                                                                                                             
